<?xml version="1.0" encoding="UTF-8"?><collection xmlns="http://www.loc.gov/MARC21/slim"><record><leader>00557nam--2200193-i-4500</leader><controlfield tag="001">000033212</controlfield><controlfield tag="002">20161230</controlfield><controlfield tag="005">20161230201039</controlfield><controlfield tag="008">060222s1000------------r-----000-0-ger-d</controlfield><datafield ind1=" " ind2=" " tag="040"><subfield code="a">IFIN-HH</subfield></datafield><datafield ind1=" " ind2=" " tag="041"><subfield code="a">ger</subfield></datafield><datafield ind1=" " ind2=" " tag="080"><subfield code="a">537.531</subfield></datafield><datafield ind1="1" ind2=" " tag="100"><subfield code="a">Moller, Hermann</subfield></datafield><datafield ind1="1" ind2="0" tag="245"><subfield code="a">Die innere unscharfe von durchstrahlungsaufnahmen im energiebereich von 0,1 bis 31 mev</subfield><subfield code="c">Hermann moller, helmut weeber</subfield></datafield><datafield ind1=" " ind2=" " tag="260"><subfield code="a">Dusseldorf</subfield><subfield code="b">Max-planck-institut</subfield><subfield code="c">1964</subfield></datafield><datafield ind1=" " ind2=" " tag="300"><subfield code="a">11P</subfield></datafield><datafield ind1="1" ind2=" " tag="700"><subfield code="a">Weeber, Helmut</subfield></datafield><datafield ind1=" " ind2=" " tag="852"><subfield code="a">31259</subfield><subfield code="c">537.531</subfield></datafield><datafield ind1=" " ind2=" " tag="CAT"><subfield code="a">Sys</subfield><subfield code="c">20110809</subfield><subfield code="h">161934</subfield></datafield></record></collection>